# Books

@book{HF11,

    author = {Humble, Jez and Farley, David},
    title = {Continuous Delivery: Reliable Software Releases through Build, Test, and Deployment Automation},
    publisher = {Addison-Wesley},
    series = {The Addison-Wesley Signature Series (Fowler)},
    isbn = {9780321601919},
    year = {2011}

}

@book{Mon12,

    author = {Monden, Yasuhiro},
    title = {Toyota Production System: An Integrated Approach to Just-In-Time, 4th edn.},
    publisher = {CRC Press},
    isbn = {9781439820971},
    year = {2012}

}

# Articles

@article{KLS09,

    author = {Kohavi, Ron and Longbotham, Roger and Sommerfield, Dan and Henne, Randal M.},
    title = {Controlled experiments on the web: survey and practical guide},
    journal = {Data Mining and Knowledge Discovery},
    publisher = {Springer US},
    issn = {13845810},
    year = {2009},
    volume = {18},
    number = {1},
    pages = {140--181},
    doi = {10.1007/s10618-008-0114-1},
    url = {http://dx.doi.org/10.1007/s10618-008-0114-1},
    keywords = {controlled experiments, a/b testing, e-commerce, website optimization, multivariable testing, mvt},
    language = {english}

}

# Miscellaneous

@misc{BBB01,

    author = {Beck, Kent and Beedle, Mike and van Bennekum, Arie and Cockburn, Alistair and Cunningham, Ward and Fowler, Martin and Grenning, James and Highsmith, Jim and Hunt, Andrew and Jeffries, Ron and Kern, Jon and Marick, Brian and Martin, Robert C. and Mellor, Steve and Schwaber, Ken and Sutherland, Jeff and Thomas, Dave},
    title = {Manifesto for Agile Software Development},
    year = {2001},
    url = {http://agilemanifesto.org},
    note = {(accessed 13 January 2015)}

}

@misc{Fow05,

    author = {Fowler, Martin},
    title = {The New Methodology},
    year = {2005},
    url = {http://martinfowler.com/articles/newMethodology.html},
    note = {(accessed 13 January 2015)}

}

@misc{Fow06,

    author = {Fowler, Martin},
    title = {Continuous Integration},
    year = {2006},
    url = {http://martinfowler.com/articles/continuousIntegration.html},
    note = {(accessed 13 January 2015)}

}

@misc{OR11,

    author = {O'Reilly},
    title = {{V}elocity 2011: {J}on {J}enkins, “Velocity Culture”},
    howpublished = {YouTube},
    year = {2011},
    url = {https://youtube.com/watch?v=dxk8b9rSKOo},
    note = {(accessed 13 January 2015)}

}

@misc{Fow13a,

    author = {Fowler, Martin},
    title = {Continuous{D}elivery},
    year = {2013},
    url = {http://martinfowler.com/bliki/ContinuousDelivery.html},
    note = {(accessed 13 January 2015)}

}

@misc{Fow13b,

    author = {Fowler, Martin},
    title = {Deployment{P}ipeline},
    year = {2013},
    url = {http://martinfowler.com/bliki/DeploymentPipeline.html},
    note = {(accessed 13 January 2015)}

}

@misc{Sny13,

    author = {Snyder, Ross},
    title = {Continuous Deployment at {E}tsy: A Tale of Two Approaches},
    year = {2013},
    url = {http://slideshare.net/beamrider9/continuous-deployment-at-etsy-a-tale-of-two-approaches/},
    note = {(accessed 13 January 2015)}

}

@misc{Rub14,

    author = {RubyKaigi},
    title = {Continuous Delivery at {G}it{H}ub - {R}uby{K}aigi 2014},
    howpublished = {YouTube},
    year = {2014},
    url = {https://youtube.com/watch?v=Rhvri5cozTc},
    note = {(accessed 13 January 2015)}

}
